
@ARTICLE{2015ApJ...799...45F,
   author = {{Forero-Romero}, J.~E. and {Gonz{\'a}lez}, R.},
    title = "{The Local Group in the Cosmic Web}",
  journal = {\apj},
archivePrefix = "arXiv",
   eprint = {1408.3166},
 keywords = {dark matter, Local Group},
     year = 2015,
    month = jan,
   volume = 799,
      eid = {45},
    pages = {45},
      doi = {10.1088/0004-637X/799/1/45},
   adsurl = {http://adsabs.harvard.edu/abs/2015ApJ...799...45F},
  adsnote = {Provided by the SAO/NASA Astrophysics Data System}
}

@INPROCEEDINGS{2015AAS...22533610C,
   author = {{Cahn}, R.~N. and {Bailey}, S.~J. and {Dawson}, K.~S. and {Forero Romero}, J. and 
	{Schlegel}, D.~J. and {White}, M. and {DESI}},
    title = "{The Dark Energy Spectroscopic Instrument (DESI): Tiling and Fiber Assignment}",
booktitle = {American Astronomical Society Meeting Abstracts},
     year = 2015,
   series = {American Astronomical Society Meeting Abstracts},
   volume = 225,
    month = jan,
    pages = {\#336.10},
   adsurl = {http://adsabs.harvard.edu/abs/2015AAS...22533610C},
  adsnote = {Provided by the SAO/NASA Astrophysics Data System}
}

@INPROCEEDINGS{2015AAS...22533609B,
   author = {{Bailey}, S. and {Bolton}, A.~S. and {Cahn}, R.~N. and {Dawson}, K. and 
	{Forero Romero}, J. and {Guy}, J. and {Kisner}, T. and {Moustakas}, J. and 
	{Nugent}, P.~E. and {Schlegel}, D.~J. and {Stark}, C. and {Weaver}, B. and 
	{DESI Collaboration}},
    title = "{The Dark Energy Spectroscopic Instrument (DESI): Data Systems}",
booktitle = {American Astronomical Society Meeting Abstracts},
     year = 2015,
   series = {American Astronomical Society Meeting Abstracts},
   volume = 225,
    month = jan,
    pages = {\#336.09},
   adsurl = {http://adsabs.harvard.edu/abs/2015AAS...22533609B},
  adsnote = {Provided by the SAO/NASA Astrophysics Data System}
}

@ARTICLE{2014ApJ...796..137L,
   author = {{Li}, X.-D. and {Park}, C. and {Forero-Romero}, J.~E. and {Kim}, J.
	},
    title = "{Cosmological Constraints from the Redshift Dependence of the Alcock-Paczynski Test: Galaxy Density Gradient Field}",
  journal = {\apj},
archivePrefix = "arXiv",
   eprint = {1412.3564},
 keywords = {cosmological parameters, dark energy, large-scale structure of universe },
     year = 2014,
    month = dec,
   volume = 796,
      eid = {137},
    pages = {137},
      doi = {10.1088/0004-637X/796/2/137},
   adsurl = {http://adsabs.harvard.edu/abs/2014ApJ...796..137L},
  adsnote = {Provided by the SAO/NASA Astrophysics Data System}
}

@ARTICLE{2014ApJ...795..120G,
   author = {{Garavito-Camargo}, J.~N. and {Forero-Romero}, J.~E. and {Dijkstra}, M.
	},
    title = "{The Impact of Gas Bulk Rotation on the Ly{$\alpha$} Line}",
  journal = {\apj},
archivePrefix = "arXiv",
   eprint = {1408.2561},
 keywords = {galaxies: high-redshift, line: formation, methods: numerical, radiative transfer},
     year = 2014,
    month = nov,
   volume = 795,
      eid = {120},
    pages = {120},
      doi = {10.1088/0004-637X/795/2/120},
   adsurl = {http://adsabs.harvard.edu/abs/2014ApJ...795..120G},
  adsnote = {Provided by the SAO/NASA Astrophysics Data System}
}

@ARTICLE{2014A&A...571A..65V,
   author = {{Verdugo}, T. and {Motta}, V. and {Fo{\"e}x}, G. and {Forero-Romero}, J.~E. and 
	{Mu{\~n}oz}, R.~P. and {Pello}, R. and {Limousin}, M. and {More}, A. and 
	{Cabanac}, R. and {Soucail}, G. and {Blakeslee}, J.~P. and {Mej{\'{\i}}a-Narv{\'a}ez}, A.~J. and 
	{Magris}, G. and {Fern{\'a}ndez-Trincado}, J.~G.},
    title = "{Characterizing SL2S galaxy groups using the Einstein radius}",
  journal = {\aap},
archivePrefix = "arXiv",
   eprint = {1409.2900},
 keywords = {gravitational lensing: strong, galaxies: groups: general},
     year = 2014,
    month = nov,
   volume = 571,
      eid = {A65},
    pages = {A65},
      doi = {10.1051/0004-6361/201423696},
   adsurl = {http://adsabs.harvard.edu/abs/2014A%26A...571A..65V},
  adsnote = {Provided by the SAO/NASA Astrophysics Data System}
}

@ARTICLE{2014MNRAS.443.1090F,
   author = {{Forero-Romero}, J.~E. and {Contreras}, S. and {Padilla}, N.
	},
    title = "{Cosmic web alignments with the shape, angular momentum and peculiar velocities of dark matter haloes}",
  journal = {\mnras},
archivePrefix = "arXiv",
   eprint = {1406.0508},
 keywords = {methods: numerical, galaxies: haloes, cosmology: theory, dark matter, large-scale structure of Universe},
     year = 2014,
    month = sep,
   volume = 443,
    pages = {1090-1102},
      doi = {10.1093/mnras/stu1150},
   adsurl = {http://adsabs.harvard.edu/abs/2014MNRAS.443.1090F},
  adsnote = {Provided by the SAO/NASA Astrophysics Data System}
}

@ARTICLE{2014JCAP...09..004B,
   author = {{Bernal}, N. and {Forero-Romero}, J.~E. and {Garani}, R. and 
	{Palomares-Ruiz}, S.},
    title = "{Systematic uncertainties from halo asphericity in dark matter searches}",
  journal = {\jcap},
archivePrefix = "arXiv",
   eprint = {1405.6240},
     year = 2014,
    month = sep,
   volume = 9,
      eid = {004},
    pages = {4},
      doi = {10.1088/1475-7516/2014/09/004},
   adsurl = {http://adsabs.harvard.edu/abs/2014JCAP...09..004B},
  adsnote = {Provided by the SAO/NASA Astrophysics Data System}
}

@INPROCEEDINGS{2014SPIE.9150E..23S,
   author = {{Saunders}, W. and {Smedley}, S. and {Gillingham}, P. and {Forero-Romero}, J.~E. and 
	{Jouvel}, S. and {Nord}, B.},
    title = "{Target allocation yields for massively multiplexed spectroscopic surveys with fibers}",
booktitle = {Society of Photo-Optical Instrumentation Engineers (SPIE) Conference Series},
     year = 2014,
   series = {Society of Photo-Optical Instrumentation Engineers (SPIE) Conference Series},
   volume = 9150,
archivePrefix = "arXiv",
   eprint = {1406.1787},
 primaryClass = "astro-ph.IM",
    month = aug,
      eid = {915023},
    pages = {23},
      doi = {10.1117/12.2057299},
   adsurl = {http://adsabs.harvard.edu/abs/2014SPIE.9150E..23S},
  adsnote = {Provided by the SAO/NASA Astrophysics Data System}
}

@ARTICLE{2014ApJ...787L..34F,
   author = {{Fern{\'a}ndez-Trincado}, J.~G. and {Forero-Romero}, J.~E. and 
	{Foex}, G. and {Verdugo}, T. and {Motta}, V.},
    title = "{The Abundance of Bullet Groups in {$\Lambda$}CDM}",
  journal = {\apjl},
archivePrefix = "arXiv",
   eprint = {1404.5636},
 keywords = {dark matter, galaxies: clusters: individual: SL2S J08544{\ndash}0121, galaxies: interactions, methods: numerical},
     year = 2014,
    month = jun,
   volume = 787,
      eid = {L34},
    pages = {L34},
      doi = {10.1088/2041-8205/787/2/L34},
   adsurl = {http://adsabs.harvard.edu/abs/2014ApJ...787L..34F},
  adsnote = {Provided by the SAO/NASA Astrophysics Data System}
}

@ARTICLE{2013AN....334..691R,
   author = {{Riebe}, K. and {Partl}, A.~M. and {Enke}, H. and {Forero-Romero}, J. and 
	{Gottloeber}, S. and {Klypin}, A. and {Lemson}, G. and {Prada}, F. and 
	{Primack}, J.~R. and {Steinmetz}, M. and {Turchaninov}, V.},
    title = "{The MultiDark Database: Release of the Bolshoi and MultiDark cosmological simulations}",
  journal = {Astronomische Nachrichten},
 keywords = {\%simulation, cosmology, database, Virtual Observatory},
     year = 2013,
    month = aug,
   volume = 334,
    pages = {691-708},
      doi = {10.1002/asna.201211900},
   adsurl = {http://adsabs.harvard.edu/abs/2013AN....334..691R},
  adsnote = {Provided by the SAO/NASA Astrophysics Data System}
}

@ARTICLE{2013ApJ...767L...5F,
   author = {{Forero-Romero}, J.~E. and {Hoffman}, Y. and {Bustamante}, S. and 
	{Gottloeber}, S. and {Yepes}, G.},
    title = "{The Kinematics of the Local Group in a Cosmological Context}",
  journal = {\apjl},
archivePrefix = "arXiv",
   eprint = {1303.2690},
 keywords = {galaxies: kinematics and dynamics, Local Group, methods: numerical},
     year = 2013,
    month = apr,
   volume = 767,
      eid = {L5},
    pages = {L5},
      doi = {10.1088/2041-8205/767/1/L5},
   adsurl = {http://adsabs.harvard.edu/abs/2013ApJ...767L...5F},
  adsnote = {Provided by the SAO/NASA Astrophysics Data System}
}

@ARTICLE{2013MNRAS.428.2489L,
   author = {{Libeskind}, N.~I. and {Hoffman}, Y. and {Forero-Romero}, J. and 
	{Gottloeber}, S. and {Knebe}, A. and {Steinmetz}, M. and 
	{Klypin}, A.},
    title = "{The velocity shear tensor: tracer of halo alignment}",
  journal = {\mnras},
archivePrefix = "arXiv",
   eprint = {1210.4559},
 keywords = {galaxies: haloes, cosmology: theory, dark matter, large scale structure of Universe},
     year = 2013,
    month = jan,
   volume = 428,
    pages = {2489-2499},
      doi = {10.1093/mnras/sts216},
   adsurl = {http://adsabs.harvard.edu/abs/2013MNRAS.428.2489L},
  adsnote = {Provided by the SAO/NASA Astrophysics Data System}
}

@ARTICLE{2012MNRAS.425.2049H,
   author = {{Hoffman}, Y. and {Metuki}, O. and {Yepes}, G. and {Gottloeber}, S. and 
	{Forero-Romero}, J.~E. and {Libeskind}, N.~I. and {Knebe}, A.
	},
    title = "{A kinematic classification of the cosmic web}",
  journal = {\mnras},
archivePrefix = "arXiv",
   eprint = {1201.3367},
 primaryClass = "astro-ph.CO",
 keywords = {cosmology: theory, dark matter, large scale of Universe },
     year = 2012,
    month = sep,
   volume = 425,
    pages = {2049-2057},
      doi = {10.1111/j.1365-2966.2012.21553.x},
   adsurl = {http://adsabs.harvard.edu/abs/2012MNRAS.425.2049H},
  adsnote = {Provided by the SAO/NASA Astrophysics Data System}
}



@ARTICLE{2013arXiv1309.1162S,
   author = {{Song}, Y.-S. and {Okumura}, T. and {Taruya}, A.},
    title = "{Broadband Alcock-Paczynski test exploiting redshift distortions}",
  journal = {ArXiv e-prints},
archivePrefix = "arXiv",
   eprint = {1309.1162},
 primaryClass = "astro-ph.CO",
 keywords = {Astrophysics - Cosmology and Extragalactic Astrophysics},
     year = 2013,
    month = sep,
   adsurl = {http://adsabs.harvard.edu/abs/2013arXiv1309.1162S},
  adsnote = {Provided by the SAO/NASA Astrophysics Data System}
}


@INPROCEEDINGS{EUCLID,
   author = {{Amiaux}, J. and {Scaramella}, R. and {Mellier}, Y. and {Altieri}, B. and 
	{Burigana}, C. and {Da Silva}, A. and {Gomez}, P. and {Hoar}, J. and 
	{Laureijs}, R. and {Maiorano}, E. and {Magalhes Oliveira}, D. and 
	{Renk}, F. and {Saavedra Criado}, G. and {Tereno}, I. and {Augu{\`e}res}, J.~L. and 
	{Brinchmann}, J. and {Cropper}, M. and {Duvet}, L. and {Ealet}, A. and 
	{Franzetti}, P. and {Garilli}, B. and {Gondoin}, P. and {Guzzo}, L. and 
	{Hoekstra}, H. and {Holmes}, R. and {Jahnke}, K. and {Kitching}, T. and 
	{Meneghetti}, M. and {Percival}, W. and {Warren}, S.},
    title = "{Euclid mission: building of a reference survey}",
booktitle = {Society of Photo-Optical Instrumentation Engineers (SPIE) Conference Series},
     year = 2012,
   series = {Society of Photo-Optical Instrumentation Engineers (SPIE) Conference Series},
   volume = 8442,
archivePrefix = "arXiv",
   eprint = {1209.2228},
 primaryClass = "astro-ph.IM",
    month = sep,
      eid = {84420Z},
      doi = {10.1117/12.926513},
   adsurl = {http://adsabs.harvard.edu/abs/2012SPIE.8442E..0ZA},
  adsnote = {Provided by the SAO/NASA Astrophysics Data System}
}


@INPROCEEDINGS{4MOST,
   author = {{de Jong}, R.~S. and {Bellido-Tirado}, O. and {Chiappini}, C. and 
	{Depagne}, {\'E}. and {Haynes}, R. and {Johl}, D. and {Schnurr}, O. and 
	{Schwope}, A. and {Walcher}, J. and {Dionies}, F. and {Haynes}, D. and 
	{Kelz}, A. and {Kitaura}, F.~S. and {Lamer}, G. and {Minchev}, I. and 
	{Mueller}, V. and {Nuza}, S.~E. and {Olaya}, J.-C. and {Piffl}, T. and 
	{Popow}, E. and {Steinmetz}, M. and {Ural}, U. and {Williams}, M. and 
	{Winkler}, R. and {Wisotzki}, L. and {Ansorge}, W.~R. and {Banerji}, M. and 
	{Gonzalez Solares}, E. and {Irwin}, M. and {Kennicutt}, R.~C. and 
	{King}, D. and {McMahon}, R.~G. and {Koposov}, S. and {Parry}, I.~R. and 
	{Sun}, D. and {Walton}, N.~A. and {Finger}, G. and {Iwert}, O. and 
	{Krumpe}, M. and {Lizon}, J.-L. and {Vincenzo}, M. and {Amans}, J.-P. and 
	{Bonifacio}, P. and {Cohen}, M. and {Francois}, P. and {Jagourel}, P. and 
	{Mignot}, S.~B. and {Royer}, F. and {Sartoretti}, P. and {Bender}, R. and 
	{Grupp}, F. and {Hess}, H.-J. and {Lang-Bardl}, F. and {Muschielok}, B. and 
	{Bohringer}, H. and {Boller}, T. and {Bongiorno}, A. and 
	{Brusa}, M. and {Dwelly}, T. and {Merloni}, A. and {Nandra}, K. and 
	{Salvato}, M. and {Pragt}, J.~H. and {Navarro}, R. and {Gerlofsma}, G. and 
	{Roelfsema}, R. and {Dalton}, G.~B. and {Middleton}, K.~F. and 
	{Tosh}, I.~A. and {Boeche}, C. and {Caffau}, E. and {Christlieb}, N. and 
	{Grebel}, E.~K. and {Hansen}, C. and {Koch}, A. and {Ludwig}, H.-G. and 
	{Quirrenbach}, A. and {Sbordone}, L. and {Seifert}, W. and {Thimm}, G. and 
	{Trifonov}, T. and {Helmi}, A. and {Trager}, S.~C. and {Feltzing}, S. and 
	{Korn}, A. and {Boland}, W.},
    title = "{4MOST: 4-metre multi-object spectroscopic telescope}",
booktitle = {Society of Photo-Optical Instrumentation Engineers (SPIE) Conference Series},
     year = 2012,
   series = {Society of Photo-Optical Instrumentation Engineers (SPIE) Conference Series},
   volume = 8446,
archivePrefix = "arXiv",
   eprint = {1206.6885},
 primaryClass = "astro-ph.IM",
    month = sep,
      eid = {84460T},
      doi = {10.1117/12.926239},
   adsurl = {http://adsabs.harvard.edu/abs/2012SPIE.8446E..0TD},
  adsnote = {Provided by the SAO/NASA Astrophysics Data System}
}


@ARTICLE{wigglez,
   author = {{Blake}, C. and {Davis}, T. and {Poole}, G.~B. and {Parkinson}, D. and 
	{Brough}, S. and {Colless}, M. and {Contreras}, C. and {Couch}, W. and 
	{Croom}, S. and {Drinkwater}, M.~J. and {Forster}, K. and {Gilbank}, D. and 
	{Gladders}, M. and {Glazebrook}, K. and {Jelliffe}, B. and {Jurek}, R.~J. and 
	{Li}, I.-H. and {Madore}, B. and {Martin}, D.~C. and {Pimbblet}, K. and 
	{Pracy}, M. and {Sharp}, R. and {Wisnioski}, E. and {Woods}, D. and 
	{Wyder}, T.~K. and {Yee}, H.~K.~C.},
    title = "{The WiggleZ Dark Energy Survey: testing the cosmological model with baryon acoustic oscillations at z= 0.6}",
  journal = {\mnras},
archivePrefix = "arXiv",
   eprint = {1105.2862},
 primaryClass = "astro-ph.CO",
 keywords = {surveys, cosmological parameters, dark energy, large-scale structure of Universe},
     year = 2011,
    month = aug,
   volume = 415,
    pages = {2892-2909},
      doi = {10.1111/j.1365-2966.2011.19077.x},
   adsurl = {http://adsabs.harvard.edu/abs/2011MNRAS.415.2892B},
  adsnote = {Provided by the SAO/NASA Astrophysics Data System}
}

@ARTICLE{2014MNRAS.439.3504S,
   author = {{Samushia}, L. and {Reid}, B.~A. and {White}, M. and {Percival}, W.~J. and 
	{Cuesta}, A.~J. and {Zhao}, G.-B. and {Ross}, A.~J. and {Manera}, M. and 
	{Aubourg}, {\'E}. and {Beutler}, F. and {Brinkmann}, J. and 
	{Brownstein}, J.~R. and {Dawson}, K.~S. and {Eisenstein}, D.~J. and 
	{Ho}, S. and {Honscheid}, K. and {Maraston}, C. and {Montesano}, F. and 
	{Nichol}, R.~C. and {Roe}, N.~A. and {Ross}, N.~P. and {S{\'a}nchez}, A.~G. and 
	{Schlegel}, D.~J. and {Schneider}, D.~P. and {Streblyanska}, A. and 
	{Thomas}, D. and {Tinker}, J.~L. and {Wake}, D.~A. and {Weaver}, B.~A. and 
	{Zehavi}, I.},
    title = "{The clustering of galaxies in the SDSS-III Baryon Oscillation Spectroscopic Survey: measuring growth rate and geometry with anisotropic clustering}",
  journal = {\mnras},
archivePrefix = "arXiv",
   eprint = {1312.4899},
 keywords = {gravitation, cosmological parameters, dark energy, dark matter, distance scale, large-scale structure of Universe},
     year = 2014,
    month = apr,
   volume = 439,
    pages = {3504-3519},
      doi = {10.1093/mnras/stu197},
   adsurl = {http://adsabs.harvard.edu/abs/2014MNRAS.439.3504S},
  adsnote = {Provided by the SAO/NASA Astrophysics Data System}
}

@ARTICLE{BOSS,
   author = {{Anderson}, L. and {Aubourg}, {\'E}. and {Bailey}, S. and {Beutler}, F. and 
	{Bhardwaj}, V. and {Blanton}, M. and {Bolton}, A.~S. and {Brinkmann}, J. and 
	{Brownstein}, J.~R. and {Burden}, A. and {Chuang}, C.-H. and 
	{Cuesta}, A.~J. and {Dawson}, K.~S. and {Eisenstein}, D.~J. and 
	{Escoffier}, S. and {Gunn}, J.~E. and {Guo}, H. and {Ho}, S. and 
	{Honscheid}, K. and {Howlett}, C. and {Kirkby}, D. and {Lupton}, R.~H. and 
	{Manera}, M. and {Maraston}, C. and {McBride}, C.~K. and {Mena}, O. and 
	{Montesano}, F. and {Nichol}, R.~C. and {Nuza}, S.~E. and {Olmstead}, M.~D. and 
	{Padmanabhan}, N. and {Palanque-Delabrouille}, N. and {Parejko}, J. and 
	{Percival}, W.~J. and {Petitjean}, P. and {Prada}, F. and {Price-Whelan}, A.~M. and 
	{Reid}, B. and {Roe}, N.~A. and {Ross}, A.~J. and {Ross}, N.~P. and 
	{Sabiu}, C.~G. and {Saito}, S. and {Samushia}, L. and {S{\'a}nchez}, A.~G. and 
	{Schlegel}, D.~J. and {Schneider}, D.~P. and {Scoccola}, C.~G. and 
	{Seo}, H.-J. and {Skibba}, R.~A. and {Strauss}, M.~A. and {Swanson}, M.~E.~C. and 
	{Thomas}, D. and {Tinker}, J.~L. and {Tojeiro}, R. and {Maga{\~n}a}, M.~V. and 
	{Verde}, L. and {Wake}, D.~A. and {Weaver}, B.~A. and {Weinberg}, D.~H. and 
	{White}, M. and {Xu}, X. and {Yeche}, C. and {Zehavi}, I. and 
	{Zhao}, G.-B.},
    title = "{The clustering of galaxies in the SDSS-III Baryon Oscillation Spectroscopic Survey: baryon acoustic oscillations in the Data Releases 10 and 11 Galaxy samples}",
  journal = {\mnras},
archivePrefix = "arXiv",
   eprint = {1312.4877},
 primaryClass = "astro-ph.CO",
 keywords = {cosmological parameters, cosmology: observations, dark energy, distance scale, large-scale structure of Universe},
     year = 2014,
    month = jun,
   volume = 441,
    pages = {24-62},
      doi = {10.1093/mnras/stu523},
   adsurl = {http://adsabs.harvard.edu/abs/2014MNRAS.441...24A},
  adsnote = {Provided by the SAO/NASA Astrophysics Data System}
}


@ARTICLE{2012PDU.....1..162B,
   author = {{Baldi}, M.},
    title = "{Dark Energy simulations}",
  journal = {Physics of the Dark Universe},
archivePrefix = "arXiv",
   eprint = {1210.6650},
 primaryClass = "astro-ph.CO",
     year = 2012,
    month = nov,
   volume = 1,
    pages = {162-193},
      doi = {10.1016/j.dark.2012.10.004},
   adsurl = {http://adsabs.harvard.edu/abs/2012PDU.....1..162B},
  adsnote = {Provided by the SAO/NASA Astrophysics Data System}
}


@ARTICLE{2005Natur.435..629S,
   author = {{Springel}, V. and {White}, S.~D.~M. and {Jenkins}, A. and {Frenk}, C.~S. and 
	{Yoshida}, N. and {Gao}, L. and {Navarro}, J. and {Thacker}, R. and 
	{Croton}, D. and {Helly}, J. and {Peacock}, J.~A. and {Cole}, S. and 
	{Thomas}, P. and {Couchman}, H. and {Evrard}, A. and {Colberg}, J. and 
	{Pearce}, F.},
    title = "{Simulations of the formation, evolution and clustering of galaxies and quasars}",
  journal = {\nat},
   eprint = {astro-ph/0504097},
     year = 2005,
    month = jun,
   volume = 435,
    pages = {629-636},
      doi = {10.1038/nature03597},
   adsurl = {http://adsabs.harvard.edu/abs/2005Natur.435..629S},
  adsnote = {Provided by the SAO/NASA Astrophysics Data System}
}

@ARTICLE{1999ApJ...522...82K,
   author = {{Klypin}, A. and {Kravtsov}, A.~V. and {Valenzuela}, O. and 
	{Prada}, F.},
    title = "{Where Are the Missing Galactic Satellites?}",
  journal = {\apj},
   eprint = {astro-ph/9901240},
 keywords = {COSMOLOGY: THEORY, GALAXIES: CLUSTERS: GENERAL, GALAXIES: INTERACTIONS, GALAXY: FORMATION, GALAXIES: LOCAL GROUP, METHODS: NUMERICAL, Cosmology: Theory, Galaxies: Clusters: General, Galaxies: Interactions, Galaxy: Formation, Galaxies: Local Group, Methods: Numerical},
     year = 1999,
    month = sep,
   volume = 522,
    pages = {82-92},
      doi = {10.1086/307643},
   adsurl = {http://adsabs.harvard.edu/abs/1999ApJ...522...82K},
  adsnote = {Provided by the SAO/NASA Astrophysics Data System}
}

@ARTICLE{1985ApJ...292..371D,
   author = {{Davis}, M. and {Efstathiou}, G. and {Frenk}, C.~S. and {White}, S.~D.~M.
	},
    title = "{The evolution of large-scale structure in a universe dominated by cold dark matter}",
  journal = {\apj},
 keywords = {Computational Astrophysics, Cosmology, Galactic Clusters, Galactic Evolution, Missing Mass (Astrophysics), Weak Interactions (Field Theory), Astronomical Models, Computerized Simulation, Correlation, Many Body Problem, Mass Distribution, Mass To Light Ratios, Matter (Physics), Radial Velocity, Red Shift},
     year = 1985,
    month = may,
   volume = 292,
    pages = {371-394},
      doi = {10.1086/163168},
   adsurl = {http://adsabs.harvard.edu/abs/1985ApJ...292..371D},
  adsnote = {Provided by the SAO/NASA Astrophysics Data System}
}



@ARTICLE{2001Natur.410..169P,
   author = {{Peacock}, J.~A. and {Cole}, S. and {Norberg}, P. and {Baugh}, C.~M. and 
	{Bland-Hawthorn}, J. and {Bridges}, T. and {Cannon}, R.~D. and 
	{Colless}, M. and {Collins}, C. and {Couch}, W. and {Dalton}, G. and 
	{Deeley}, K. and {De Propris}, R. and {Driver}, S.~P. and {Efstathiou}, G. and 
	{Ellis}, R.~S. and {Frenk}, C.~S. and {Glazebrook}, K. and {Jackson}, C. and 
	{Lahav}, O. and {Lewis}, I. and {Lumsden}, S. and {Maddox}, S. and 
	{Percival}, W.~J. and {Peterson}, B.~A. and {Price}, I. and 
	{Sutherland}, W. and {Taylor}, K.},
    title = "{A measurement of the cosmological mass density from clustering in the 2dF Galaxy Redshift Survey}",
  journal = {\nat},
   eprint = {astro-ph/0103143},
     year = 2001,
    month = mar,
   volume = 410,
    pages = {169-173},
   adsurl = {http://adsabs.harvard.edu/abs/2001Natur.410..169P},
  adsnote = {Provided by the SAO/NASA Astrophysics Data System}
}


@ARTICLE{SDSS,
   author = {{York}, D.~G. and {Adelman}, J. and {Anderson}, Jr., J.~E. and 
	{Anderson}, S.~F. and {Annis}, J. and {Bahcall}, N.~A. and {Bakken}, J.~A. and 
	{Barkhouser}, R. and {Bastian}, S. and {Berman}, E. and {Boroski}, W.~N. and 
	{Bracker}, S. and {Briegel}, C. and {Briggs}, J.~W. and {Brinkmann}, J. and 
	{Brunner}, R. and {Burles}, S. and {Carey}, L. and {Carr}, M.~A. and 
	{Castander}, F.~J. and {Chen}, B. and {Colestock}, P.~L. and 
	{Connolly}, A.~J. and {Crocker}, J.~H. and {Csabai}, I. and 
	{Czarapata}, P.~C. and {Davis}, J.~E. and {Doi}, M. and {Dombeck}, T. and 
	{Eisenstein}, D. and {Ellman}, N. and {Elms}, B.~R. and {Evans}, M.~L. and 
	{Fan}, X. and {Federwitz}, G.~R. and {Fiscelli}, L. and {Friedman}, S. and 
	{Frieman}, J.~A. and {Fukugita}, M. and {Gillespie}, B. and 
	{Gunn}, J.~E. and {Gurbani}, V.~K. and {de Haas}, E. and {Haldeman}, M. and 
	{Harris}, F.~H. and {Hayes}, J. and {Heckman}, T.~M. and {Hennessy}, G.~S. and 
	{Hindsley}, R.~B. and {Holm}, S. and {Holmgren}, D.~J. and {Huang}, C.-h. and 
	{Hull}, C. and {Husby}, D. and {Ichikawa}, S.-I. and {Ichikawa}, T. and 
	{Ivezic}, {\v Z}. and {Kent}, S. and {Kim}, R.~S.~J. and 
	{Kinney}, E. and {Klaene}, M. and {Kleinman}, A.~N. and {Kleinman}, S. and 
	{Knapp}, G.~R. and {Korienek}, J. and {Kron}, R.~G. and {Kunszt}, P.~Z. and 
	{Lamb}, D.~Q. and {Lee}, B. and {Leger}, R.~F. and {Limmongkol}, S. and 
	{Lindenmeyer}, C. and {Long}, D.~C. and {Loomis}, C. and {Loveday}, J. and 
	{Lucinio}, R. and {Lupton}, R.~H. and {MacKinnon}, B. and {Mannery}, E.~J. and 
	{Mantsch}, P.~M. and {Margon}, B. and {McGehee}, P. and {McKay}, T.~A. and 
	{Meiksin}, A. and {Merelli}, A. and {Monet}, D.~G. and {Munn}, J.~A. and 
	{Narayanan}, V.~K. and {Nash}, T. and {Neilsen}, E. and {Neswold}, R. and 
	{Newberg}, H.~J. and {Nichol}, R.~C. and {Nicinski}, T. and 
	{Nonino}, M. and {Okada}, N. and {Okamura}, S. and {Ostriker}, J.~P. and 
	{Owen}, R. and {Pauls}, A.~G. and {Peoples}, J. and {Peterson}, R.~L. and 
	{Petravick}, D. and {Pier}, J.~R. and {Pope}, A. and {Pordes}, R. and 
	{Prosapio}, A. and {Rechenmacher}, R. and {Quinn}, T.~R. and 
	{Richards}, G.~T. and {Richmond}, M.~W. and {Rivetta}, C.~H. and 
	{Rockosi}, C.~M. and {Ruthmansdorfer}, K. and {Sandford}, D. and 
	{Schlegel}, D.~J. and {Schneider}, D.~P. and {Sekiguchi}, M. and 
	{Sergey}, G. and {Shimasaku}, K. and {Siegmund}, W.~A. and {Smee}, S. and 
	{Smith}, J.~A. and {Snedden}, S. and {Stone}, R. and {Stoughton}, C. and 
	{Strauss}, M.~A. and {Stubbs}, C. and {SubbaRao}, M. and {Szalay}, A.~S. and 
	{Szapudi}, I. and {Szokoly}, G.~P. and {Thakar}, A.~R. and {Tremonti}, C. and 
	{Tucker}, D.~L. and {Uomoto}, A. and {Vanden Berk}, D. and {Vogeley}, M.~S. and 
	{Waddell}, P. and {Wang}, S.-i. and {Watanabe}, M. and {Weinberg}, D.~H. and 
	{Yanny}, B. and {Yasuda}, N. and {SDSS Collaboration}},
    title = "{The Sloan Digital Sky Survey: Technical Summary}",
  journal = {\aj},
   eprint = {astro-ph/0006396},
 keywords = {Cosmology: Observations, Instrumentation: Miscellaneous},
     year = 2000,
    month = sep,
   volume = 120,
    pages = {1579-1587},
      doi = {10.1086/301513},
   adsurl = {http://adsabs.harvard.edu/abs/2000AJ....120.1579Y},
  adsnote = {Provided by the SAO/NASA Astrophysics Data System}
}



@ARTICLE{2dF,
   author = {{Colless}, M. and {Dalton}, G. and {Maddox}, S. and {Sutherland}, W. and 
	{Norberg}, P. and {Cole}, S. and {Bland-Hawthorn}, J. and {Bridges}, T. and 
	{Cannon}, R. and {Collins}, C. and {Couch}, W. and {Cross}, N. and 
	{Deeley}, K. and {De Propris}, R. and {Driver}, S.~P. and {Efstathiou}, G. and 
	{Ellis}, R.~S. and {Frenk}, C.~S. and {Glazebrook}, K. and {Jackson}, C. and 
	{Lahav}, O. and {Lewis}, I. and {Lumsden}, S. and {Madgwick}, D. and 
	{Peacock}, J.~A. and {Peterson}, B.~A. and {Price}, I. and {Seaborne}, M. and 
	{Taylor}, K.},
    title = "{The 2dF Galaxy Redshift Survey: spectra and redshifts}",
  journal = {\mnras},
   eprint = {astro-ph/0106498},
 keywords = {SURVEYS, GALAXIES: CLUSTERS: GENERAL, GALAXIES: DISTANCES AND REDSHIFTS, COSMOLOGY: OBSERVATIONS, LARGE-SCALE STRUCTURE OF UNIVERSE},
     year = 2001,
    month = dec,
   volume = 328,
    pages = {1039-1063},
      doi = {10.1046/j.1365-8711.2001.04902.x},
   adsurl = {http://adsabs.harvard.edu/abs/2001MNRAS.328.1039C},
  adsnote = {Provided by the SAO/NASA Astrophysics Data System}
}




@ARTICLE{Scoccimarro2004,
   author = {{Scoccimarro}, R.},
    title = "{Redshift-space distortions, pairwise velocities, and nonlinearities}",
  journal = {\prd},
   eprint = {astro-ph/0407214},
 keywords = {Distances redshifts radial velocities, spatial distribution of galaxies, Superclusters, large-scale structure of the Universe},
     year = 2004,
    month = oct,
   volume = 70,
   number = 8,
      eid = {083007},
    pages = {083007},
      doi = {10.1103/PhysRevD.70.083007},
   adsurl = {http://adsabs.harvard.edu/abs/2004PhRvD..70h3007S},
  adsnote = {Provided by the SAO/NASA Astrophysics Data System}
}

@ARTICLE{2014MNRAS.439.3630W,
   author = {{White}, M.},
    title = "{The Zel'dovich approximation}",
  journal = {\mnras},
archivePrefix = "arXiv",
   eprint = {1401.5466},
 primaryClass = "astro-ph.CO",
 keywords = {gravitation, galaxies: haloes, galaxies: statistics, cosmological parameters, large-scale structure of Universe},
     year = 2014,
    month = apr,
   volume = 439,
    pages = {3630-3640},
      doi = {10.1093/mnras/stu209},
   adsurl = {http://adsabs.harvard.edu/abs/2014MNRAS.439.3630W},
  adsnote = {Provided by the SAO/NASA Astrophysics Data System}
}



@ARTICLE{2014arXiv1401.0046M,
   author = {{Mortonson}, M.~J. and {Weinberg}, D.~H. and {White}, M.},
    title = "{Dark Energy: A Short Review}",
  journal = {ArXiv e-prints},
archivePrefix = "arXiv",
   eprint = {1401.0046},
 primaryClass = "astro-ph.CO",
 keywords = {Astrophysics - Cosmology and Extragalactic Astrophysics},
     year = 2014,
    month = dec,
   adsurl = {http://adsabs.harvard.edu/abs/2014arXiv1401.0046M},
  adsnote = {Provided by the SAO/NASA Astrophysics Data System}
}



@ARTICLE{Eisenstein2005,
   author = {{Eisenstein}, D.~J. and {Zehavi}, I. and {Hogg}, D.~W. and {Scoccimarro}, R. and 
	{Blanton}, M.~R. and {Nichol}, R.~C. and {Scranton}, R. and 
	{Seo}, H.-J. and {Tegmark}, M. and {Zheng}, Z. and {Anderson}, S.~F. and 
	{Annis}, J. and {Bahcall}, N. and {Brinkmann}, J. and {Burles}, S. and 
	{Castander}, F.~J. and {Connolly}, A. and {Csabai}, I. and {Doi}, M. and 
	{Fukugita}, M. and {Frieman}, J.~A. and {Glazebrook}, K. and 
	{Gunn}, J.~E. and {Hendry}, J.~S. and {Hennessy}, G. and {Ivezic}, Z. and 
	{Kent}, S. and {Knapp}, G.~R. and {Lin}, H. and {Loh}, Y.-S. and 
	{Lupton}, R.~H. and {Margon}, B. and {McKay}, T.~A. and {Meiksin}, A. and 
	{Munn}, J.~A. and {Pope}, A. and {Richmond}, M.~W. and {Schlegel}, D. and 
	{Schneider}, D.~P. and {Shimasaku}, K. and {Stoughton}, C. and 
	{Strauss}, M.~A. and {SubbaRao}, M. and {Szalay}, A.~S. and 
	{Szapudi}, I. and {Tucker}, D.~L. and {Yanny}, B. and {York}, D.~G.
	},
    title = "{Detection of the Baryon Acoustic Peak in the Large-Scale Correlation Function of SDSS Luminous Red Galaxies}",
  journal = {\apj},
   eprint = {astro-ph/0501171},
 keywords = {Cosmology: Cosmic Microwave Background, Cosmology: Cosmological Parameters, Cosmology: Observations, Cosmology: Distance Scale, Galaxies: Elliptical and Lenticular, cD, Cosmology: Large-Scale Structure of Universe},
     year = 2005,
    month = nov,
   volume = 633,
    pages = {560-574},
      doi = {10.1086/466512},
   adsurl = {http://adsabs.harvard.edu/abs/2005ApJ...633..560E},
  adsnote = {Provided by the SAO/NASA Astrophysics Data System}
}


@ARTICLE{DESI,
   author = {{Levi}, M. and {Bebek}, C. and {Beers}, T. and {Blum}, R. and 
	{Cahn}, R. and {Eisenstein}, D. and {Flaugher}, B. and {Honscheid}, K. and 
	{Kron}, R. and {Lahav}, O. and {McDonald}, P. and {Roe}, N. and 
	{Schlegel}, D. and {representing the DESI collaboration}},
    title = "{The DESI Experiment, a whitepaper for Snowmass 2013}",
  journal = {ArXiv e-prints},
archivePrefix = "arXiv",
   eprint = {1308.0847},
 primaryClass = "astro-ph.CO",
 keywords = {Astrophysics - Cosmology and Extragalactic Astrophysics, Astrophysics - Instrumentation and Methods for Astrophysics},
     year = 2013,
    month = aug,
   adsurl = {http://adsabs.harvard.edu/abs/2013arXiv1308.0847L},
  adsnote = {Provided by the SAO/NASA Astrophysics Data System}
}

@ARTICLE{Vweb,
   author = {{Hoffman}, Y. and {Metuki}, O. and {Yepes}, G. and {Gottloeber}, S. and 
	{Forero-Romero}, J.~E. and {Libeskind}, N.~I. and {Knebe}, A.
	},
    title = "{A kinematic classification of the cosmic web}",
  journal = {\mnras},
archivePrefix = "arXiv",
   eprint = {1201.3367},
 primaryClass = "astro-ph.CO",
 keywords = {cosmology: theory, dark matter, large scale of Universe },
     year = 2012,
    month = sep,
   volume = 425,
    pages = {2049-2057},
      doi = {10.1111/j.1365-2966.2012.21553.x},
   adsurl = {http://adsabs.harvard.edu/abs/2012MNRAS.425.2049H},
  adsnote = {Provided by the SAO/NASA Astrophysics Data System}
}

@ARTICLE{2011arXiv1109.0003R,
   author = {{Riebe}, K. and {Partl}, A.~M. and {Enke}, H. and {Forero-Romero}, J. and 
	{Gottloeber}, S. and {Klypin}, A. and {Lemson}, G. and {Prada}, F. and 
	{Primack}, J.~R. and {Steinmetz}, M. and {Turchaninov}, V.},
    title = "{The MultiDark Database: Release of the Bolshoi and MultiDark Cosmological Simulations}",
  journal = {ArXiv e-prints},
archivePrefix = "arXiv",
   eprint = {1109.0003},
 primaryClass = "astro-ph.CO",
 keywords = {Astrophysics - Cosmology and Extragalactic Astrophysics, Astrophysics - Instrumentation and Methods for Astrophysics, Computer Science - Databases},
     year = 2011,
    month = aug,
   adsurl = {http://adsabs.harvard.edu/abs/2011arXiv1109.0003R},
  adsnote = {Provided by the SAO/NASA Astrophysics Data System}
}

@ARTICLE{Bullets2014,
   author = {{Fern{\'a}ndez-Trincado}, J.~G. and {Forero-Romero}, J.~E. and 
	{Foex}, G. and {Verdugo}, T. and {Motta}, V.},
    title = "{The Abundance of Bullet Groups in {$\Lambda$}CDM}",
  journal = {\apjl},
archivePrefix = "arXiv",
   eprint = {1404.5636},
 keywords = {dark matter, galaxies: clusters: individual: SL2S J08544{\ndash}0121, galaxies: interactions, methods: numerical},
     year = 2014,
    month = jun,
   volume = 787,
      eid = {L34},
    pages = {L34},
      doi = {10.1088/2041-8205/787/2/L34},
   adsurl = {http://adsabs.harvard.edu/abs/2014ApJ...787L..34F},
  adsnote = {Provided by the SAO/NASA Astrophysics Data System}
}

@ARTICLE{Multidark,
   author = {{Riebe}, K. and {Partl}, A.~M. and {Enke}, H. and {Forero-Romero}, J. and 
	{Gottloeber}, S. and {Klypin}, A. and {Lemson}, G. and {Prada}, F. and 
	{Primack}, J.~R. and {Steinmetz}, M. and {Turchaninov}, V.},
    title = "{The MultiDark Database: Release of the Bolshoi and MultiDark cosmological simulations}",
  journal = {Astronomische Nachrichten},
 keywords = {\%simulation, cosmology, database, Virtual Observatory},
     year = 2013,
    month = aug,
   volume = 334,
    pages = {691-708},
      doi = {10.1002/asna.201211900},
   adsurl = {http://adsabs.harvard.edu/abs/2013AN....334..691R},
  adsnote = {Provided by the SAO/NASA Astrophysics Data System}
}

@ARTICLE{Tweb,
   author = {{Forero-Romero}, J.~E. and {Hoffman}, Y. and {Gottloeber}, S. and 
	{Klypin}, A. and {Yepes}, G.},
    title = "{A dynamical classification of the cosmic web}",
  journal = {\mnras},
archivePrefix = "arXiv",
   eprint = {0809.4135},
 keywords = {methods: numerical , cosmology: large-scale structure of Universe},
     year = 2009,
    month = jul,
   volume = 396,
    pages = {1815-1824},
      doi = {10.1111/j.1365-2966.2009.14885.x},
   adsurl = {http://adsabs.harvard.edu/abs/2009MNRAS.396.1815F},
  adsnote = {Provided by the SAO/NASA Astrophysics Data System}
}



@ARTICLE{2011MNRAS.417.1434F,
   author = {{Forero-Romero}, J.~E. and {Hoffman}, Y. and {Yepes}, G. and 
	{Gottloeber}, S. and {Piontek}, R. and {Klypin}, A. and {Steinmetz}, M.
	},
    title = "{The dark matter assembly of the Local Group in constrained cosmological simulations of a {$\Lambda$} cold dark matter universe}",
  journal = {\mnras},
archivePrefix = "arXiv",
   eprint = {1107.0017},
 primaryClass = "astro-ph.CO",
 keywords = {Galaxy: formation, galaxies: haloes, Local Group, cosmology: theory},
     year = 2011,
    month = oct,
   volume = 417,
    pages = {1434-1443},
      doi = {10.1111/j.1365-2966.2011.19358.x},
   adsurl = {http://adsabs.harvard.edu/abs/2011MNRAS.417.1434F},
  adsnote = {Provided by the SAO/NASA Astrophysics Data System}
}

@ARTICLE{2011MNRAS.415.3666F,
   author = {{Forero-Romero}, J.~E. and {Yepes}, G. and {Gottloeber}, S. and 
	{Knollmann}, S.~R. and {Cuesta}, A.~J. and {Prada}, F.},
    title = "{CLARA's view on the escape fraction of Lyman {$\alpha$} photons in high-redshift galaxies}",
  journal = {\mnras},
archivePrefix = "arXiv",
   eprint = {1104.5586},
 primaryClass = "astro-ph.CO",
 keywords = {galaxies: evolution, galaxies: formation, galaxies: high-redshift},
     year = 2011,
    month = aug,
   volume = 415,
    pages = {3666-3680},
      doi = {10.1111/j.1365-2966.2011.18983.x},
   adsurl = {http://adsabs.harvard.edu/abs/2011MNRAS.415.3666F},
  adsnote = {Provided by the SAO/NASA Astrophysics Data System}
}

@ARTICLE{2012MNRAS.419..952F,
   author = {{Forero-Romero}, J.~E. and {Yepes}, G. and {Gottloeber}, S. and 
	{Prada}, F.},
    title = "{Modelling the fraction of Lyman break galaxies with strong Lyman {$\alpha$} emission at 5 {\le} z {\le} 7.}",
  journal = {\mnras},
archivePrefix = "arXiv",
   eprint = {1109.0228},
 primaryClass = "astro-ph.CO",
 keywords = {galaxies: evolution, galaxies: high-redshift},
     year = 2012,
    month = jan,
   volume = 419,
    pages = {952-958},
      doi = {10.1111/j.1365-2966.2011.19744.x},
   adsurl = {http://adsabs.harvard.edu/abs/2012MNRAS.419..952F},
  adsnote = {Provided by the SAO/NASA Astrophysics Data System}
}

@ARTICLE{Bullets2010,
   author = {{Forero-Romero}, J.~E. and {Gottloeber}, S. and {Yepes}, G.
	},
    title = "{Bullet Clusters in the MARENOSTRUM Universe}",
  journal = {\apj},
archivePrefix = "arXiv",
   eprint = {1007.3902},
 primaryClass = "astro-ph.CO",
 keywords = {dark matter, galaxies: clusters: general, galaxies: clusters: individual: 1E 0657-558, galaxies: halos, gravitational lensing: strong, X-rays: galaxies: clusters},
     year = 2010,
    month = dec,
   volume = 725,
    pages = {598-604},
      doi = {10.1088/0004-637X/725/1/598},
   adsurl = {http://adsabs.harvard.edu/abs/2010ApJ...725..598F},
  adsnote = {Provided by the SAO/NASA Astrophysics Data System}
}

@ARTICLE{2011MNRAS.417.1303M,
   author = {{Mu{\~n}oz-Cuartas}, J.~C. and {M{\"u}ller}, V. and {Forero-Romero}, J.~E.
	},
    title = "{Halo-based reconstruction of the cosmic mass density field}",
  journal = {\mnras},
archivePrefix = "arXiv",
   eprint = {1107.1062},
 primaryClass = "astro-ph.CO",
 keywords = {methods: numerical, galaxies: haloes, dark matter, large-scale structure of Universe},
     year = 2011,
    month = oct,
   volume = 417,
    pages = {1303-1317},
      doi = {10.1111/j.1365-2966.2011.19344.x},
   adsurl = {http://adsabs.harvard.edu/abs/2011MNRAS.417.1303M},
  adsnote = {Provided by the SAO/NASA Astrophysics Data System}
}

@ARTICLE{2013MNRAS.428.2163F,
   author = {{Forero-Romero}, J.~E. and {Dijkstra}, M.},
    title = "{Effects of star-formation stochasticity on the Ly{$\alpha$} and Lyman continuum emission from dwarf galaxies during reionization}",
  journal = {\mnras},
archivePrefix = "arXiv",
   eprint = {1206.0726},
 primaryClass = "astro-ph.CO",
 keywords = {line: formation, galaxies: high-redshift, galaxies: star formation},
     year = 2013,
    month = jan,
   volume = 428,
    pages = {2163-2170},
      doi = {10.1093/mnras/sts177},
   adsurl = {http://adsabs.harvard.edu/abs/2013MNRAS.428.2163F},
  adsnote = {Provided by the SAO/NASA Astrophysics Data System}
}

@ARTICLE{2013ApJ...767L...5F,
   author = {{Forero-Romero}, J.~E. and {Hoffman}, Y. and {Bustamante}, S. and 
	{Gottloeber}, S. and {Yepes}, G.},
    title = "{The Kinematics of the Local Group in a Cosmological Context}",
  journal = {\apjl},
archivePrefix = "arXiv",
   eprint = {1303.2690},
 primaryClass = "astro-ph.CO",
 keywords = {galaxies: kinematics and dynamics, Local Group, methods: numerical},
     year = 2013,
    month = apr,
   volume = 767,
      eid = {L5},
    pages = {L5},
      doi = {10.1088/2041-8205/767/1/L5},
   adsurl = {http://adsabs.harvard.edu/abs/2013ApJ...767L...5F},
  adsnote = {Provided by the SAO/NASA Astrophysics Data System}
}

@ARTICLE{2010MNRAS.403L..31F,
   author = {{Forero-Romero}, J.~E. and {Yepes}, G. and {Gottloeber}, S. and 
	{Knollmann}, S.~R. and {Khalatyan}, A. and {Cuesta}, A.~J. and 
	{Prada}, F.},
    title = "{Simulated versus observed UV emission at high redshift: a hint for a clumpy interstellar medium?}",
  journal = {\mnras},
archivePrefix = "arXiv",
   eprint = {0912.0664},
 primaryClass = "astro-ph.CO",
 keywords = {methods: numerical, galaxies: evolution, galaxies: high-redshift, large-scale structure of Universe},
     year = 2010,
    month = mar,
   volume = 403,
    pages = {L31-L35},
      doi = {10.1111/j.1745-3933.2009.00809.x},
   adsurl = {http://adsabs.harvard.edu/abs/2010MNRAS.403L..31F},
  adsnote = {Provided by the SAO/NASA Astrophysics Data System}
}

@ARTICLE{2007MNRAS.379.1507F,
   author = {{Forero-Romero}, J.~E. and {Blaizot}, J. and {Devriendt}, J. and 
	{van Waerbeke}, L. and {Guiderdoni}, B.},
    title = "{LEMOMAF: Lensed Mock Map Facility}",
  journal = {\mnras},
   eprint = {astro-ph/0611932},
 keywords = {gravitational lensing, methods: numerical, large-scale structure of Universe},
     year = 2007,
    month = aug,
   volume = 379,
    pages = {1507-1518},
      doi = {10.1111/j.1365-2966.2007.12060.x},
   adsurl = {http://adsabs.harvard.edu/abs/2007MNRAS.379.1507F},
  adsnote = {Provided by the SAO/NASA Astrophysics Data System}
}

@ARTICLE{2009MNRAS.399..762F,
   author = {{Forero-Romero}, J.~E.},
    title = "{The coarse geometry of merger trees in {$\Lambda$} cold dark matter}",
  journal = {\mnras},
archivePrefix = "arXiv",
   eprint = {0801.1955},
 keywords = {cosmology: theory , dark matter},
     year = 2009,
    month = oct,
   volume = 399,
    pages = {762-768},
      doi = {10.1111/j.1365-2966.2009.15281.x},
   adsurl = {http://adsabs.harvard.edu/abs/2009MNRAS.399..762F},
  adsnote = {Provided by the SAO/NASA Astrophysics Data System}
}

@ARTICLE{2014arXiv1405.6240B,
   author = {{Bernal}, N. and {Forero-Romero}, J.~E. and {Garani}, R. and 
	{Palomares-Ruiz}, S.},
    title = "{Systematic uncertainties from halo asphericity in dark matter searches}",
  journal = {ArXiv e-prints},
archivePrefix = "arXiv",
   eprint = {1405.6240},
 keywords = {Astrophysics - Cosmology and Nongalactic Astrophysics, Astrophysics - Astrophysics of Galaxies, High Energy Physics - Phenomenology},
     year = 2014,
    month = may,
   adsurl = {http://adsabs.harvard.edu/abs/2014arXiv1405.6240B},
  adsnote = {Provided by the SAO/NASA Astrophysics Data System}
}

@ARTICLE{2013AAABS...4..150Q,
   author = {{Quiroga}, L.~F. and {Mu{\~n}oz-Cuartas}, J.~C. and {Sanes}, S. and 
	{Forero-Romero}, J.~E. and {Gottloeber}, S. and {Zuluaga}, J.
	},
    title = "{Survival of galaxy disks in a {$\Lambda$}CDM cosmology}",
  journal = {Asociacion Argentina de Astronomia La Plata Argentina Book Series},
     year = 2013,
   volume = 4,
    pages = {150},
   adsurl = {http://adsabs.harvard.edu/abs/2013AAABS...4..150Q},
  adsnote = {Provided by the SAO/NASA Astrophysics Data System}
}

@ARTICLE{2013AAABS...4...79F,
   author = {{Forero-Romero}, J.~E. and {Yepes}, G. and {Gottloeber}, S. and 
	{Prada}, F.},
    title = "{Towards a panchromatic picture of galaxy evolution during the reionization epoch}",
  journal = {Asociacion Argentina de Astronomia La Plata Argentina Book Series},
archivePrefix = "arXiv",
   eprint = {1208.0819},
 primaryClass = "astro-ph.CO",
     year = 2013,
   volume = 4,
    pages = {79},
   adsurl = {http://adsabs.harvard.edu/abs/2013AAABS...4...79F},
  adsnote = {Provided by the SAO/NASA Astrophysics Data System}
}

@ARTICLE{2011arXiv1110.6772A,
   author = {{Ayala}, L. and {Forero-Romero}, J.~E.},
    title = "{Visualising Matter and Cosmologies: A Transhistorical Example}",
  journal = {ArXiv e-prints},
archivePrefix = "arXiv",
   eprint = {1110.6772},
 primaryClass = "physics.pop-ph",
 keywords = {Physics - Popular Physics, Astrophysics - Instrumentation and Methods for Astrophysics, Physics - History and Philosophy of Physics},
     year = 2011,
    month = oct,
   adsurl = {http://adsabs.harvard.edu/abs/2011arXiv1110.6772A},
  adsnote = {Provided by the SAO/NASA Astrophysics Data System}
}

@INBOOK{2011efgt.book...13M,
   author = {{Mu{\~n}oz-Cuartas}, J.~C. and {M{\"u}ller}, V. and {Forero-Romero}, J.~E.
	},
    title = "{The Cosmic Mass Density Field Reconstruction from the SDSS Group Catalog}",
booktitle = {Environment and the Formation of Galaxies: 30 Years Later},
     year = 2011,
   editor = {{Ferreras}, I. and {Pasquali}, A.},
    pages = {13},
      doi = {10.1007/978-3-642-20285-8_2},
   adsurl = {http://adsabs.harvard.edu/abs/2011efgt.book...13M},
  adsnote = {Provided by the SAO/NASA Astrophysics Data System}
}

@ARTICLE{2008arXiv0801.1953F,
   author = {{Forero-Romero}, J.~E.},
    title = "{Predictability in Semi-Analytic Models of Galaxy Formation}",
  journal = {ArXiv e-prints},
archivePrefix = "arXiv",
   eprint = {0801.1953},
 keywords = {Astrophysics},
     year = 2008,
    month = jan,
   adsurl = {http://adsabs.harvard.edu/abs/2008arXiv0801.1953F},
  adsnote = {Provided by the SAO/NASA Astrophysics Data System}
}

